<record><leader>00000cas a22000007a 4500</leader><controlfield tag="001">8934525</controlfield><controlfield tag="008">821108d18861893ksudn ne      0   a0eng  </controlfield><controlfield tag="009">466</controlfield><datafield ind1=" " ind2=" " tag="010"><subfield code="a">sn 82015911 </subfield></datafield><datafield ind1=" " ind2=" " tag="040"><subfield code="a">DLC</subfield><subfield code="b">eng</subfield><subfield code="c">DLC</subfield><subfield code="d">NPT</subfield><subfield code="d">NPV</subfield><subfield code="d">DLC</subfield></datafield><datafield ind1="1" ind2=" " tag="029"><subfield code="a">AU@</subfield><subfield code="b">000025835782</subfield></datafield><datafield ind1=" " ind2=" " tag="042"><subfield code="a">msc</subfield></datafield><datafield ind1="0" ind2="0" tag="050"><subfield code="a">Newspaper 7867</subfield></datafield><datafield ind1="0" ind2=" " tag="130"><subfield code="a">Kansas democrat (Topeka, Kan. : 1886 : Daily)</subfield></datafield><datafield ind1="0" ind2="4" tag="245"><subfield code="a">The Kansas democrat.</subfield></datafield><datafield ind1="0" ind2="3" tag="246"><subfield code="a">Democrat</subfield></datafield><datafield ind1=" " ind2=" " tag="260"><subfield code="a">Topeka, Kan. :</subfield><subfield code="b">[W.P. Tomlinson],</subfield><subfield code="c">1886-1893.</subfield></datafield><datafield ind1=" " ind2=" " tag="300"><subfield code="a">7 v. ;</subfield><subfield code="c">55-71 cm.</subfield></datafield><datafield ind1=" " ind2=" " tag="310"><subfield code="a">Daily (except Sun.)</subfield></datafield><datafield ind1="0" ind2=" " tag="362"><subfield code="a">Vol. 1, no. 1 (Apr. 8, 1886)-7th year (Feb. 14, 1893).</subfield></datafield><datafield ind1=" " ind2=" " tag="500"><subfield code="a">Publisher varies.</subfield></datafield><datafield ind1=" " ind2=" " tag="500"><subfield code="a">"Democratic."</subfield></datafield><datafield ind1=" " ind2=" " tag="752"><subfield code="a">United States</subfield><subfield code="b">Kansas</subfield><subfield code="c">Shawnee</subfield><subfield code="d">Topeka.</subfield></datafield><datafield ind1="0" ind2="5" tag="780"><subfield code="t">Citizen (Topeka, Kan.)</subfield><subfield code="g">July 1886</subfield><subfield code="w">(DLC)sn 85067020</subfield></datafield><datafield ind1="0" ind2="0" tag="785"><subfield code="t">Topeka daily press</subfield><subfield code="w">(DLC)sn 85067025</subfield></datafield></record>